@misc{sweney2025,
 author = {Sweney, Mark and Milmo, Dan},
 year = {2025},
 title = {OpenAI ‘reviewing’ allegations that its AI models were used to make DeepSeek},
note = {Online article at theguardian.com/technology/2025/jan/29/openai-chatgpt-deepseek-china-us-ai-models}
}

@misc{wiggers2025,
 author = {Wiggers, Kyle},
 year = {2025},
 title = {Why DeepSeek’s new AI model thinks it’s ChatGPT},
 note = {Online article at techcrunch.com/2024/12/27/why-deepseeks-new-ai-model-thinks-its-chatgpt/}
}

@inproceedings{hsieh2023distilling,
  title={Distilling Step-by-Step! Outperforming Larger Language Models with Less Training Data and Smaller Model Sizes},
  author={Hsieh, Cheng-Yu and Li, Chun-Liang and Yeh, Chih-Kuan and Nakhost, Hootan and Fujii, Yasuhisa and Ratner, Alex and Krishna, Ranjay and Lee, Chen-Yu and Pfister, Tomas},
  booktitle={Findings of the Association for Computational Linguistics: ACL 2023},
  pages={8003--8017},
  year={2023}
}

@misc{commoncrawl,
    author = {The Common Crawl},
    year = {2025},
    note = {Data available at commoncrawl.github.io/cc-crawl-statistics}
}

@article{bai2022training,
  title={Training a helpful and harmless assistant with reinforcement learning from human feedback},
  author={Bai, Yuntao and Jones, Andy and Ndousse, Kamal and Askell, Amanda and Chen, Anna and DasSarma, Nova and Drain, Dawn and Fort, Stanislav and Ganguli, Deep and Henighan, Tom and others},
  journal={arXiv preprint arXiv:2204.05862},
  year={2022}
}

@article{askell2021general,
  title={A general language assistant as a laboratory for alignment},
  author={Askell, Amanda and Bai, Yuntao and Chen, Anna and Drain, Dawn and Ganguli, Deep and Henighan, Tom and Jones, Andy and Joseph, Nicholas and Mann, Ben and DasSarma, Nova and others},
  journal={arXiv preprint arXiv:2112.00861},
  year={2021}
}

@article{haidt2007morality,
  title={When morality opposes justice: Conservatives have moral intuitions that liberals may not recognize},
  author={Haidt, Jonathan and Graham, Jesse},
  journal={Social justice research},
  volume={20},
  number={1},
  pages={98--116},
  year={2007},
  publisher={Springer}
}

@article{hartmann2023political,
  title={The political ideology of conversational AI: Converging evidence on ChatGPT's pro-environmental, left-libertarian orientation},
  author={Hartmann, Jochen and Schwenzow, Jasper and Witte, Maximilian},
  journal={arXiv preprint arXiv:2301.01768},
  year={2023}
}

@article{motoki2024more,
  title={More human than human: measuring ChatGPT political bias},
  author={Motoki, Fabio and Pinho Neto, Valdemar and Rodrigues, Victor},
  journal={Public Choice},
  volume={198},
  number={1},
  pages={3--23},
  year={2024},
  publisher={Springer}
}

@article{rozado2024political,
  title={The political preferences of LLMs},
  author={Rozado, David},
  journal={PloS one},
  volume={19},
  number={7},
  pages={e0306621},
  year={2024},
  publisher={Public Library of Science}
}

@article{graham2009liberals,
  title={Liberals and conservatives rely on different sets of moral foundations.},
  author={Graham, Jesse and Haidt, Jonathan and Nosek, Brian A},
  journal={Journal of personality and social psychology},
  volume={96},
  number={5},
  pages={1029},
  year={2009},
  publisher={American Psychological Association}
}

@book{popper1945,
	title={The Open Society and Its Enemies},
	author={Popper, Karl},
	year={1945},
	publisher={Routledge}
}

@inproceedings{simmons2023moral,
  title={Moral Mimicry: Large Language Models Produce Moral Rationalizations Tailored to Political Identity},
  author={Simmons, Gabriel},
  booktitle={Proceedings of the 61st Annual Meeting of the Association for Computational Linguistics (Volume 4: Student Research Workshop)},
  pages={282--297},
  year={2023}
}

@inproceedings{wright2024llm,
  title={LLM Tropes: Revealing Fine-Grained Values and Opinions in Large Language Models},
  author={Wright, Dustin and Arora, Arnav and Borenstein, Nadav and Yadav, Srishti and Belongie, Serge and Augenstein, Isabelle},
  booktitle={Findings of the Association for Computational Linguistics: EMNLP 2024},
  pages={17085--17112},
  year={2024}
}

@article{lee2024prompting,
  title={When Prompting Fails to Sway: Inertia in Moral and Value Judgments of Large Language Models},
  author={Lee, Bruce W and Lee, Yeongheon and Cho, Hyunsoo},
  journal={arXiv preprint arXiv:2408.09049},
  year={2024}
}

@inproceedings{arora2023probing,
  title={Probing Pre-Trained Language Models for Cross-Cultural Differences in Values},
  author={Arora, Arnav and Kaffee, Lucie-Aim{\'e}e and Augenstein, Isabelle},
  booktitle={Proceedings of the First Workshop on Cross-Cultural Considerations in NLP (C3NLP)},
  pages={114--130},
  year={2023}
}

@article{durmus2023towards,
  title={Towards measuring the representation of subjective global opinions in language models},
  author={Durmus, Esin and Nguyen, Karina and Liao, Thomas I and Schiefer, Nicholas and Askell, Amanda and Bakhtin, Anton and Chen, Carol and Hatfield-Dodds, Zac and Hernandez, Danny and Joseph, Nicholas and others},
  journal={arXiv preprint arXiv:2306.16388},
  year={2023}
}

@inproceedings{hammerl2023speaking,
  title={Speaking Multiple Languages Affects the Moral Bias of Language Models},
  author={H{\"a}mmerl, Katharina and Deiseroth, Bjoern and Schramowski, Patrick and Libovick{\`y}, Jind{\v{r}}ich and Rothkopf, Constantin and Fraser, Alexander and Kersting, Kristian},
  booktitle={Findings of the Association for Computational Linguistics: ACL 2023},
  pages={2137--2156},
  year={2023}
}

@article{kwok2024evaluating,
  title={Evaluating cultural adaptability of a large language model via simulation of synthetic personas},
  author={Kwok, Louis and Bravansky, Michal and Griffin, Lewis D},
  journal={arXiv preprint arXiv:2408.06929},
  year={2024}
}

@inproceedings{wang2024not,
  title={Not All Countries Celebrate Thanksgiving: On the Cultural Dominance in Large Language Models},
  author={Wang, Wenxuan and Jiao, Wenxiang and Huang, Jingyuan and Dai, Ruyi and Huang, Jen-tse and Tu, Zhaopeng and Lyu, Michael},
  booktitle={Proceedings of the 62nd Annual Meeting of the Association for Computational Linguistics (Volume 1: Long Papers)},
  pages={6349--6384},
  year={2024}
}

@inproceedings{agarwal2024ethical,
  title={Ethical Reasoning and Moral Value Alignment of LLMs Depend on the Language We Prompt Them in},
  author={Agarwal, Utkarsh and Tanmay, Kumar and Khandelwal, Aditi and Choudhury, Monojit},
  booktitle={Proceedings of the 2024 Joint International Conference on Computational Linguistics, Language Resources and Evaluation (LREC-COLING 2024)},
  pages={6330--6340},
  year={2024}
}

@inproceedings{khandelwal2024moral,
  title={Do Moral Judgment and Reasoning Capability of LLMs Change with Language? A Study using the Multilingual Defining Issues Test},
  author={Khandelwal, Aditi and Agarwal, Utkarsh and Tanmay, Kumar and Choudhury, Monojit},
  booktitle={Proceedings of the 18th Conference of the European Chapter of the Association for Computational Linguistics (Volume 1: Long Papers)},
  pages={2882--2894},
  year={2024}
}

@inproceedings{naous2024having,
  title={Having Beer after Prayer? Measuring Cultural Bias in Large Language Models},
  author={Naous, Tarek and Ryan, Michael J and Ritter, Alan and Xu, Wei},
  booktitle={Proceedings of the 62nd Annual Meeting of the Association for Computational Linguistics (Volume 1: Long Papers)},
  pages={16366--16393},
  year={2024}
}

@article{aksoy2025whose,
  title={Whose morality do they speak? Unraveling cultural bias in multilingual language models},
  author={Aksoy, Meltem},
  journal={Natural Language Processing Journal},
  year={2025},
  publisher={Elsevier}
}

@inproceedings{liu2024evaluating,
  title={Evaluating Moral Beliefs across LLMs through a Pluralistic Framework},
  author={Liu, Xuelin and Zhu, Yanfei and Zhu, Shucheng and Liu, Pengyuan and Liu, Ying and Yu, Dong},
  booktitle={Findings of the Association for Computational Linguistics: EMNLP 2024},
  pages={4740--4760},
  year={2024}
}

@article{munker2025political,
  title={Political Bias in LLMs: Unaligned Moral Values in Agent-centric Simulations},
  author={M{\"u}nker, Simon},
  journal={Journal for Language Technology and Computational Linguistics},
  volume={38},
  number={2},
  pages={125--138},
  year={2025}
}

@inproceedings{huang2024flames,
  title={Flames: Benchmarking Value Alignment of LLMs in Chinese},
  author={Huang, Kexin and Liu, Xiangyang and Guo, Qianyu and Sun, Tianxiang and Sun, Jiawei and Wang, Yaru and Zhou, Zeyang and Wang, Yixu and Teng, Yan and Qiu, Xipeng and others},
  booktitle={Proceedings of the 2024 Conference of the North American Chapter of the Association for Computational Linguistics: Human Language Technologies (Volume 1: Long Papers)},
  pages={4551--4591},
  year={2024}
}

@article{schramowski2022large,
  title={Large pre-trained language models contain human-like biases of what is right and wrong to do},
  author={Schramowski, Patrick and Turan, Cigdem and Andersen, Nico and Rothkopf, Constantin A and Kersting, Kristian},
  journal={Nature Machine Intelligence},
  volume={4},
  number={3},
  pages={258--268},
  year={2022},
  publisher={Nature Publishing Group UK London}
}

@article{scherrer2023evaluating,
  title={Evaluating the moral beliefs encoded in llms},
  author={Scherrer, Nino and Shi, Claudia and Feder, Amir and Blei, David},
  journal={Advances in Neural Information Processing Systems},
  volume={36},
  pages={51778--51809},
  year={2023}
}

@misc{zewail2025,
    author={Zewail, Alia, Figueroa, Alexandra, Graham, Jesse and Atari, Mohammad},
    year={2025},
    note={Preprint at osf.io/t9x8r},
    title={Moral Stereotyping in Large Language Models}
}

@inproceedings{qi2025whose,
  title={Whose Values Prevail? Bias in Large Language Model Value Alignment},
  author={Qi, Ruoxi and Papyshev, Gleb and Tsai, Kellee and Chan, Antoni B and Hsiao, Janet},
  booktitle={Proceedings of the Annual Meeting of the Cognitive Science Society},
  volume={47},
  year={2025}
}

@misc{haerpfer2022world,
    title={World values survey: Round seven--Country-pooled Datafile version 5.0},
    author={Haerpfer, Christian and Inglehart, Ronald and Moreno, Alejandro and Welzel, Christian and Kizilova, Kseniya and Diez-Medrano, Jaime and Lagos, Marta and Norris, Pippa and Ponarin, Eduard and Puranen, Bjorn and others},
    year={2022},
    publisher={JD Systems Institute \& WVSA Secretariat. https://doi. org/10.14281/18241.20},
    note={Dataset available at www.worldvaluessurvey.org}
}

@misc{ernie4.5,
	title={ERNIE 4.5 Technical Report},
	author={ERNIE Team, Baidu},
	year={2025}
}

@article{yang2025qwen3,
  title={Qwen3 technical report},
  author={Yang, An and Li, Anfeng and Yang, Baosong and Zhang, Beichen and Hui, Binyuan and Zheng, Bo and Yu, Bowen and Gao, Chang and Huang, Chengen and Lv, Chenxu and others},
  journal={arXiv preprint arXiv:2505.09388},
  year={2025}
}

@misc{govcn2023,
    author = {{Cyberspace Administration of China}},
    year = {2023},
    note = {Available at www.cac.gov.cn/2023-07/13/c\_1690898327029107.htm}
}

@misc{drexel2025,
    author = {Drexel, Bill},
    title = {Promethean Rivalry},
    note = {Article available at cnas.org/publications/reports/promethean-rivalry},
    year = {2025}
}

@misc{dunnmon2025,
    author = {Dunnmon, Jared},
    year = {2025},
    title = {The Real Threat of Chinese AI.},
    note = {Article available at foreignaffairs.com/china/real-threat-chinese-ai},
    year = {2025},
}

@article{guo2025deepseek,
  title={Deepseek-r1: Incentivizing reasoning capability in llms via reinforcement learning},
  author={Guo, Daya and Yang, Dejian and Zhang, Haowei and Song, Junxiao and Zhang, Ruoyu and Xu, Runxin and Zhu, Qihao and Ma, Shirong and Wang, Peiyi and Bi, Xiao and others},
  journal={arXiv preprint arXiv:2501.12948},
  year={2025}
}

@article{atari2023morality,
  title={Morality beyond the WEIRD: How the nomological network of morality varies across cultures.},
  author={Atari, Mohammad and Haidt, Jonathan and Graham, Jesse and Koleva, Sena and Stevens, Sean T and Dehghani, Morteza},
  journal={Journal of Personality and Social Psychology},
  volume={125},
  number={5},
  pages={1157},
  year={2023},
  publisher={American Psychological Association}
}

@misc{atari2023humans,
    title={Which humans?},
    author={Atari, Mohammad and Xue, Mona J and Park, Peter S and Blasi, Dami{\'a}n and Henrich, Joseph},
  year={2023},
    note={Preprint available at osf.io/preprints/psyarxiv/5b26t_v1}
}

@article{wolf2017we,
  title={Why we should have seen that coming: comments on Microsoft's tay" experiment," and wider implications},
  author={Wolf, Marty J and Miller, Keith and Grodzinsky, Frances S},
  journal={Acm Sigcas Computers and Society},
  volume={47},
  number={3},
  pages={54--64},
  year={2017},
  publisher={ACM New York, NY, USA}
}